@Manual{citeR,
    title = {R: A Language and Environment for Statistical Computing},
    author = {{R Core Team}},
    organization = {R Foundation for Statistical Computing},
    address = {Vienna, Austria},
    year = {2023},
    url = {https://www.R-project.org/},
  }
  

@Manual{dplyr,
    title = {dplyr: A Grammar of Data Manipulation},
    author = {Hadley Wickham and Romain François and Lionel Henry and Kirill Müller and Davis Vaughan},
    year = {2023},
    note = {R package version 1.1.4, https://github.com/tidyverse/dplyr},
    url = {https://dplyr.tidyverse.org},
  }


@Manual{janitor,
    title = {janitor: Simple Tools for Examining and Cleaning Dirty Data},
    author = {Sam Firke},
    year = {2023},
    note = {R package version 2.2.0, 
https://sfirke.github.io/janitor/},
    url = {https://github.com/sfirke/janitor},
  }


@Article{tidyverse,
    title = {Welcome to the {tidyverse}},
    author = {Hadley Wickham and Mara Averick and Jennifer Bryan and Winston Chang and Lucy D'Agostino McGowan and Romain François and Garrett Grolemund and Alex Hayes and Lionel Henry and Jim Hester and Max Kuhn and Thomas Lin Pedersen and Evan Miller and Stephan Milton Bache and Kirill Müller and Jeroen Ooms and David Robinson and Dana Paige Seidel and Vitalie Spinu and Kohske Takahashi and Davis Vaughan and Claus Wilke and Kara Woo and Hiroaki Yutani},
    year = {2019},
    journal = {Journal of Open Source Software},
    volume = {4},
    number = {43},
    pages = {1686},
    doi = {10.21105/joss.01686},
  }
  
  
@Manual{knitr,
    title = {knitr: A General-Purpose Package for Dynamic Report
      Generation in R},
    author = {Yihui Xie},
    year = {2023},
    note = {R package version 1.45},
    url = {https://yihui.org/knitr/}
  }


@Manual{arrow,
    title = {arrow: Integration to 'Apache' 'Arrow'},
    author = {Neal Richardson and Ian Cook and Nic Crane and Dewey Dunnington and Romain François and Jonathan Keane and Dragoș Moldovan-Grünfeld and Jeroen Ooms and Jacob Wujciak-Jens and {Apache Arrow}},
    year = {2024},
    note = {R package version 14.0.2.1, https://arrow.apache.org/docs/r/},
    url = {https://github.com/apache/arrow/},
  }  

@Book{ggplot2,
    author = {Hadley Wickham},
    title = {ggplot2: Elegant Graphics for Data Analysis},
    publisher = {Springer-Verlag New York},
    year = {2016},
    isbn = {978-3-319-24277-4},
    url = {https://ggplot2.tidyverse.org},
  }

@Misc{rstanarm,
    title = {rstanarm: {Bayesian} applied regression modeling via {Stan}},
    author = {Ben Goodrich and Jonah Gabry and Imad Ali and Sam Brilleman},
    note = {R package version 2.21.3},
    year = {2022},
    url = {https://mc-stan.org/rstanarm/},
  }


@Manual{citeExcel,
    title = {Microsoft Excel},
    author = {{Microsoft Corporation}},
    organization = {Microsoft},
    address = {Redmond, Washington, USA},
    year = {2023},
    url = {https://www.microsoft.com/en-us/microsoft-365/excel},
  }

  
@Book{sh,
    author    = {Zou, Yi},
    title     = {Jiu Shanghai ren kou bian qian di yan jiu},
    edition   = {Di 1 ban},
    year      = {1980},
    publisher = {Shanghai ren min chu ban she},
    address   = {Shanghai},
    language  = {zh},
  }


@Book{shanghai1937,
    author    = {Shanghai shi tongzhiguan},
    title     = {上海市年鑒 1937},
    year      = {1937},
    publisher = {Shanghai shi tongzhiguan},
    address   = {Shanghai},
    language  = {zh},
    url       = {https://www.virtualshanghai.net/Asset/Source/bnBook_ID-1529_No-01.pdf},
    note      = {Accessed: 2024-12-01},
  }
  
  
@Misc{refugees,
    title        = {Refugees and refugee camps in the International Settlement and the French Concession (1937-1944)},
    author       = {Feng Yi and Christian Henriot},
    howpublished = {Dataset accessed via Virtual Shanghai},
    url          = {https://www.virtualshanghai.net/Data/Tables?ID=35},
    note         = {Resource provider: Christian Henriot. Keywords: war, refugee, population, camp, encampment, displacement, French Concession, International Settlement. Language: English.},
    organization = {Virtual Shanghai},
  }
  
@Misc{population1941,
    title        = {Population of the urban and rural districts of the Shanghai Municipality by sex and age group (1941-1943)},
    author       = {Shanghai tebie shi zhengfu},
    howpublished = {Dataset accessed via Virtual Shanghai},
    url          = {https://www.virtualshanghai.net/Data/Tables?ID=46},
    note         = {Resource provider: Christian Henriot. Keywords: demography, population, compiled, sex, adult, children, household, Chinese, foreigner. Language: Chinese, English.},
    organization = {Virtual Shanghai},
  }
  
  
@misc{video,
    title = {上海租界简史【考据】一座奇异的都市，能容纳千奇百怪的故事},
    author = {Bilibili User},
    year = {n.d.},
    url = {https://www.bilibili.com/video/BV1D64y1J7ku?vd_source=960969a3da000a1a0ec76d3c506d1101},
    note = {Accessed: [Insert Access Date]}
  }


@Misc{virtualshanghai,
  title = {Virtual Shanghai: A Research and Resource Platform on the History of Shanghai (1843-1949)},
  author = {Christian Henriot and Contributors},
  year = {2024},
  howpublished = {\url{https://www.virtualshanghai.net}},
  note = {Accessed: December 3, 2024}
  }