@Misc{virtualshanghai,
  title = {Virtual Shanghai: A Research and Resource Platform on the History of Shanghai (1843-1949)},
  author = {Christian Henriot and Contributors},
  year = {2024},
  howpublished = {\url{https://www.virtualshanghai.net}},
  note = {Accessed: December 3, 2024}
  }
  
  
@Misc{refugees,
    title        = {Refugees and refugee camps in the International Settlement and the French Concession (1937-1944)},
    author       = {Feng Yi and Christian Henriot},
    howpublished = {Dataset accessed via Virtual Shanghai},
    url          = {https://www.virtualshanghai.net/Data/Tables?ID=35},
    note         = {Resource provider: Christian Henriot. Keywords: war, refugee, population, camp, encampment, displacement, French Concession, International Settlement. Language: English.},
    organization = {Virtual Shanghai},
  }
  
  
@Misc{population1941,
    title        = {Population of the urban and rural districts of the Shanghai Municipality by sex and age group (1941-1943)},
    author       = {Shanghai tebie shi zhengfu},
    howpublished = {Dataset accessed via Virtual Shanghai},
    url          = {https://www.virtualshanghai.net/Data/Tables?ID=46},
    note         = {Resource provider: Christian Henriot. Keywords: demography, population, compiled, sex, adult, children, household, Chinese, foreigner. Language: Chinese, English.},
    organization = {Virtual Shanghai},
  }
  
  
@Book{sh,
    author    = {Zou, Yi},
    title     = {Jiu Shanghai ren kou bian qian di yan jiu},
    edition   = {Di 1 ban},
    year      = {1980},
    publisher = {Shanghai ren min chu ban she},
    address   = {Shanghai},
    language  = {zh},
  }


@Book{shanghai1937,
    author    = {Shanghai shi tongzhiguan},
    title     = {上海市年鑒 1937},
    year      = {1937},
    publisher = {Shanghai shi tongzhiguan},
    address   = {Shanghai},
    language  = {zh},
    url       = {https://www.virtualshanghai.net/Asset/Source/bnBook_ID-1529_No-01.pdf},
    note      = {Accessed: 2024-12-01},
  }
  
  
@Manual{citeR,
    title = {R: A Language and Environment for Statistical Computing},
    author = {{R Core Team}},
    organization = {R Foundation for Statistical Computing},
    address = {Vienna, Austria},
    year = {2023},
    url = {https://www.R-project.org/},
  }
  
  
  @article{gebru2021datasheets,
  title={Datasheets for datasets},
  author={Gebru, Timnit and Morgenstern, Jamie and Vecchione, Briana and Vaughan, Jennifer Wortman and Wallach, Hanna and Iii, Hal Daum{\'e} and Crawford, Kate},
  journal={Communications of the ACM},
  volume={64},
  number={12},
  pages={86--92},
  year={2021},
  publisher={ACM New York, NY, USA}
  }